<record><leader>00000cas a22000007a 4500</leader><controlfield tag="001">13392222</controlfield><controlfield tag="008">860404d18691870wvuwr ne      0    0eng d</controlfield><datafield ind1=" " ind2=" " tag="010"><subfield code="a">sn 86092437 </subfield></datafield><datafield ind1=" " ind2=" " tag="040"><subfield code="a">WVC</subfield><subfield code="b">eng</subfield><subfield code="c">WVC</subfield><subfield code="d">OCL</subfield><subfield code="d">NVK</subfield><subfield code="d">OCLCQ</subfield><subfield code="d">OCLCF</subfield><subfield code="d">OCLCO</subfield></datafield><datafield ind1="1" ind2=" " tag="029"><subfield code="a">AU@</subfield><subfield code="b">000021385306</subfield></datafield><datafield ind1=" " ind2=" " tag="042"><subfield code="a">msc</subfield></datafield><datafield ind1=" " ind2=" " tag="043"><subfield code="a">n-us-wv</subfield></datafield><datafield ind1="0" ind2="4" tag="245"><subfield code="a">The Weekly times and the Elizabeth gazette.</subfield></datafield><datafield ind1="1" ind2="7" tag="246"><subfield code="a">Times and gazette</subfield></datafield><datafield ind1=" " ind2=" " tag="260"><subfield code="a">Parkersburg, W. Va. :</subfield><subfield code="b">Times Print. Co.,</subfield><subfield code="c">1869-1870.</subfield></datafield><datafield ind1=" " ind2=" " tag="300"><subfield code="a">v.</subfield></datafield><datafield ind1=" " ind2=" " tag="310"><subfield code="a">Weekly</subfield></datafield><datafield ind1="0" ind2=" " tag="362"><subfield code="a">Vol. 4, no. 25 (Feb. 11, 1869)-v. 5, no. 33 (Apr. 7, 1870)=Weekly times, and vol. 2, no. 45 (Feb. 11, 1869)-v. 3, no. 52 (Apr. 7, 1870)=Elizabeth gazette.</subfield></datafield><datafield ind1=" " ind2=" " tag="515"><subfield code="a">Carried the numbering systems of both preceding newspapers on the masthead.</subfield></datafield><datafield ind1=" " ind2=" " tag="530"><subfield code="a">Available on microfilm from U.M.I.</subfield></datafield><datafield ind1=" " ind2="0" tag="651"><subfield code="a">Parkersburg (W. Va.)</subfield><subfield code="v">Newspapers.</subfield></datafield><datafield ind1=" " ind2="7" tag="655"><subfield code="a">Newspapers.</subfield><subfield code="2">fast</subfield><subfield code="0">(OCoLC)fst01423814</subfield></datafield><datafield ind1=" " ind2="7" tag="651"><subfield code="a">West Virginia</subfield><subfield code="z">Parkersburg.</subfield><subfield code="2">fast</subfield><subfield code="0">(OCoLC)fst01214465</subfield></datafield><datafield ind1=" " ind2=" " tag="752"><subfield code="a">United States</subfield><subfield code="b">West Virginia</subfield><subfield code="c">Wood</subfield><subfield code="d">Parkersburg.</subfield></datafield><datafield ind1="0" ind2=" " tag="775"><subfield code="t">Daily times (Parkersburg, W. Va.)</subfield><subfield code="w">(DLC)sn 84026814</subfield></datafield><datafield ind1="0" ind2="4" tag="780"><subfield code="t">West Virginia weekly times</subfield><subfield code="w">(DLC)sn 84037917</subfield></datafield><datafield ind1="0" ind2="4" tag="780"><subfield code="t">Elizabeth gazette</subfield><subfield code="w">(DLC)sn 86092418</subfield></datafield><datafield ind1="0" ind2="0" tag="785"><subfield code="t">Weekly times (Parkersburg, W. Va.)</subfield><subfield code="w">(DLC)sn 86092438</subfield></datafield></record>